% This file was created with JabRef 2.10.
% Encoding: Cp1252


@Book{operationsverstaerker,
  Title                    = {Operationsverstärker},
  Author                   = {Joachim Federau},
  Publisher                = {Springer Vieweg Verlag},
  Year                     = {2013},

  Owner                    = {Yanick},
  Timestamp                = {2015.11.23}
}

@Book{photovoltaik_engineering,
  Title                    = {Photovoltaik Engineering},
  Author                   = {Andreas Wagner},
  Publisher                = {Springer Verlag},
  Year                     = {2010},

  Owner                    = {Yanick},
  Timestamp                = {2015.11.23}
}

@Electronic{db_tracopower,
  Title                    = {Top 100 Series},
  Month                    = {04},
  Organization             = {Traco Power},
  Url                      = {http://assets.tracopower.com/TOP100/documents/top100-datasheet.pdf},
  Year                     = {2014},

  Owner                    = {Yanick},
  Timestamp                = {2015.12.25}
}

